@article{Zeman2020,
  author = "Zeman, Václav and Kliegr, Tomáš and Svátek, Vojtěch",
  year = "2020",
  url = "http://www.semantic-web-journal.net/system/files/swj2511.pdf",
  title = "RDFRules: Making RDF Rule Mining Easier and Even More Efficient",
  journal = "Semantic Web Journal",
}

@article{Klimek2018,
  author = "Klímek, Jakub and Kliegr, Tomáš and Svátek, Vojtěch",
  year = "2018",
  url = "https://papers.ssrn.com/sol3/Delivery.cfm/jws-48_0_1.pdf?abstractid=3199312&mirid=1",
  title = "Publication and Usage of Official Czech Pension Statistics Linked Open Data",
  journal = "Journal of Web Semantics",
}

@article{Zeman2018,
  author = "Zeman, Václav and Kliegr, Tomáš and Svátek, Vojtěch",
  year = "2018",
  title = "RDFRules Preview: Towards an Analytics Engine for Rule Mining in RDF Knowledge Graphs",
  journal = "RuleML Challenge",
}

@article{Galarraga2015,
author = {Galárraga, Luis and Teflioudi, Christina and Hose, Katja and Suchanek, Fabian},
year = {2015},
month = {07},
pages = {},
title = {Fast rule mining in ontological knowledge bases with AMIE+},
volume = {24},
journal = {The VLDB Journal},
doi = {10.1007/s00778-015-0394-1}
}

@inbook{Galarraga2020,
author = {Lajus, Jonathan and Galárraga, Luis and Suchanek, Fabian},
year = {2020},
month = {05},
pages = {36-52},
title = {Fast and Exact Rule Mining with AMIE 3},
isbn = {978-3-030-49460-5},
doi = {10.1007/978-3-030-49461-2_3}
}

@inproceedings{Galarraga2013,
author = {Galárraga, Luis Antonio and Teflioudi, Christina and Hose, Katja and Suchanek, Fabian},
year = {2013},
month = {05},
pages = {413-422},
title = {AMIE: Association rule mining under incomplete evidence in ontological knowledge bases},
journal = {WWW 2013 - Proceedings of the 22nd International Conference on World Wide Web},
doi = {10.1145/2488388.2488425}
}

@inproceedings{Agrawal1993,
author = {Agrawal, Rakesh and Imieli'nski, Tomasz and Swami, Arun},
year = {1993},
month = {01},
pages = {207-216},
title = {Mining association rules between sets of items in large databases},
volume = {22},
isbn = {0897915925},
journal = {ACM SIGMOD Rec},
doi = {10.1145/170035.170072}
}

@article{Berners-Lee2009,
author = {Bizer, Christian and Heath, Tom and Berners-Lee, Tim},
year = {2009},
month = {07},
pages = {1-22},
title = {Linked Data: The Story so Far},
volume = {5},
journal = {International Journal on Semantic Web and Information Systems},
doi = {10.4018/jswis.2009081901}
}

@article{Bizer2009,
author = {Bizer, Christian and Lehmann, Jens and Kobilarov, Georgi and Auer, Sören and Becker, Christian and Cyganiak, Richard and Hellmann, Sebastian},
year = {2009},
month = {09},
pages = {154-165},
title = {DBpedia - A Crystallization Point for the Web of Data},
volume = {7},
journal = {Web Semantics: Science, Services and Agents on the World Wide Web},
doi = {10.1016/j.websem.2009.07.002}
}

@inproceedings{Nebot2010,
author = {Nebot, Victoria and Berlanga-Llavori, Rafael},
year = {2010},
month = {06},
pages = {504-513},
title = {Mining Association Rules from Semantic Web Data},
doi = {10.1007/978-3-642-13025-0_52}
}

@PhdThesis{Chudan2015,
	author = "CHUDÁN, David",
	title = "Association rule mining as a support for OLAP [online]",
	year = "2015 [cit. 2020-10-10]",
	SCHOOL = "Vysoká škola ekonomická v Praze, Praha",
	URL = "https://insis.vse.cz/zp/portal_zp.pl?prehled=vyhledavani;podrobnosti_zp=25910;zp=25910;download_prace=1",
}

@mastersthesis{Koukal2017,
  author  = {Koukal, Bohuslav},
  title   = {OLAP Recommender: Supporting Navigation in Data Cubes Using Association Rule Mining},
  school  = {Vysoká škola ekonomická v Praze, Praha},
  year    = {2017}
}

@article{Capadisli2013,
  author          = {Sarven, Capadisli and Auer, Sören and Riedl, Reinhard},
  title           = {Towards Linked Statistical Data Analysis},
  url             = {http://csarven.ca/linked-statistical-data-analysis},
  year            = {2013},
  journal         = {CEUR (Central Europe workshop proceedings)},
  journalsubtitle = {Proceedings of the 1st International Workshop on Semantic Statistics},
}

@article{Rauch2017,
author = {Rauch, Jan and Šimůnek, Milan},
year = {2017},
month = {08},
pages = {981-1013},
title = {Apriori and GUHA – Comparing two approaches to data mining with association rules},
volume = {21},
journal = {Intelligent Data Analysis},
doi = {10.3233/IDA-160069}
}

@inproceedings{Kämpgen2011,
author = {Kämpgen, Benedikt and Harth, Andreas},
year = {2011},
month = {09},
pages = {33-40},
title = {Transforming statistical linked data for use in OLAP systems},
journal = {ACM International Conference Proceeding Series},
doi = {10.1145/2063518.2063523}
}


@TechReport{Cyganiak:14:TRD,
  author      = "Richard Cyganiak and Dave Reynolds",
  title       = "The {RDF} Data Cube Vocabulary",
  month       = jan,
  note        = "https://www.w3.org/TR/2014/REC-vocab-data-cube-20140116/",
  year        = "2014",
  bibsource   = "https://w2.syronex.com/jmr/w3c-biblio",
  type        = "{W3C} Recommendation",
  institution = "W3C",
}

@misc{bernersLee2006, 
  title={Linked Data - Design Issues}, 
  url={http://www.w3.org/DesignIssues/LinkedData.html}, 
  author={Berners-Lee, Tim},
  year={2006}
} 

@misc{rdfPrimer2004, 
  title={RDF Primer}, 
  url={http://www.w3c.org/TR/rdf-primer/}, 
  author={Manola, Frank and Miller, Eric},
  year={2004},
  month={February}
}

@misc{turtlew3c2014, 
  title={RDF 1.1 Turtle}, 
  url={http://www.w3.org/TR/turtle/}, 
  author={Beckett, David and Berners-Lee, Tim and Prud'hommeaux, Eric and Carothers, Gavin},
  year={2014},
  month={February}
}

@misc{sparqlw3c2008, 
  title={SPARQL Query Language for RDF}, 
  url={http://www.w3.org/TR/rdf-sparql-query/}, 
  author={Prud'hommeaux, Eric and Seaborne, Andy},
  year={2008},
  month={January}
}

@book{Heath2011,
  author = {Heath, Tom and Bizer, Christian},
  isbn = {9781608454303},
  publisher = {Morgan \& Claypool},
  title = {Linked Data: Evolving the Web into a Global Data Space},
  url = {http://linkeddatabook.com/},
  year = 2011
}

